author: Hendrik Werner

@article {
	mick,
	title="Exercise 6",
	author="Mick Koomen",
	year=2017,
}
